@book{e,
  title={Real and complex analysis},
  author={Rudin, Walter},
  year={2006},
  publisher={Tata McGraw-hill education}
}

@ARTICLE{1,
  AUTHOR =  {واحدی, مصطفی},
  TITLE =  {موضوعی جدید در هندسه محاسباتی},
  JOURNAL =  {مجله فارسی نمونه},
  VOLUME =  {1},
  YEAR =  {1387},
  NUMBER =  {2},
  MONTH =  {آبان},
  PAGES =  {22-30},
  LANGUAGE =   {Persian}
}

@BOOK{2,
  AUTHOR =       {استالینگ, ویلیام},
  EDITOR =       {برنجکوب, محمود},
  translator =   { صدیقی‌ مشکنانی, محسن and پدرام,حسین },
  TITLE =        {اصول طراحی و ویژگیهای داخلی سیستم‌های عامل},
  PUBLISHER =    {نشر شیخ بهایی},
  YEAR =         {۱۳۸۰},
  ADDRESS =      {اصفهان},
  edition =      {سوم},
  MONTH =        {بهار},
  LANGUAGE =     {Persian}
}

@CONFERENCE{3,
  AUTHOR =       {امین‌طوسی,محمود and مزینی,ناصر and  فتحی,محمود},
  TITLE =        {افزایش وضوح ناحیه‌ای},
  BOOKTITLE =    {چهاردهمین کنفرانس ملی سالانه انجمن کامپیوتر ایران},
  YEAR =         {1387},
  ORGANIZATION = {دانشگاه امیرکبیر},
  ADDRESS =      {تهران، ایران},
  month = 		 {اسفند},
  pages = {101--108},
  LANGUAGE =     {Persian},  
  url = {http://www.civilica.com/Paper-ACCSI14-ACCSI14_107.htm}
}


@MASTERSTHESIS{4,
  AUTHOR =       {پورموسی , امیرمسعود},
  TITLE =        {یک موضوع فیزیک},
  SCHOOL =       {دانشکده فیزیک، دانشگاه صنعتی‌شریف},
  YEAR =         {۱۳۸۸},
  MONTH =        {مرداد},
  NOTE = 		 {(در حال انجام)},
  LANGUAGE =     {Persian}
}




@PHDTHESIS{5,
  AUTHOR =       {امیدعلی, مهدی},
  TITLE =        {تابع هیلبرت},
  SCHOOL =       {دانشکده ریاضی، دانشگاه امیرکبیر},
  YEAR =         {1382},
  MONTH =        {تیر},
  LANGUAGE =     {Persian}
}




@MISC{6,
  AUTHOR =      {خلیقی,وفا},
  TITLE =        {زی‌پرشین (\lr{\XePersian}): بسته فارسی برای حروف‌چینی در \lr{\LaTeX2e}},
  HOWPUBLISHED =    {\lr{\href{HTTP://BITBUCKET.ORG/VAFA/XEPERSIAN}{HTTP://BITBUCKET.ORG/VAFA/XEPERSIAN}}},
  YEAR =         {۱۳۸۷},
  LANGUAGE =     {Persian}
  }


@ARTICLE{7,
  AUTHOR =       {M. Amintoosi and M. Fathy and N. Mozayani},
  authorfa =     {م. امین‌طوسی and م. فتحی and م.مزینی},
  TITLE =        {Precise Image Registration with Structural Similarity Error Measurement Applied to Super-Resolution},
  JOURNAL =      {{EURASIP} {J}ournal on {A}pplied {S}ignal {P}rocessing},
 Volume =         {2009},
  YEAR =         {2009},
  pages =        {7 pages},
  note =         {{A}rticle ID 305479},
 url = {http://www.hindawi.com/journals/asp/2009/305479.html}
}

@article{8,
 author = {Baker,, Simon and Kanade,, Takeo},
 authorfa = {ر. گنزالس and ر. وودس },
 title = {Limits on Super-Resolution and How to Break Them},
 journal = {IEEE Trans. Pattern Anal. Mach. Intell.},
 volume = {24},
 number = {9},
 year = {2002},
 issn = {0162-8828},
 pages = {1167--1183},
 publisher = {IEEE Computer Society},
 address = {Washington, DC, USA}
 }
 
 @BOOK{9,
  AUTHOR =      {Gonzalez,, Rafael C. and Woods,, Richard E.},
  authorfa = {ر. گنزالس and ر. وودس },
  TITLE =       {Digital Image Processing},
  PUBLISHER =   {Prentice-Hall, Inc.},
  YEAR =        {2006},
  ISBN = 		{013168728X},
  EDITION = 	{3rd},
  ADDRESS = {Upper Saddle River, NJ, USA},
}

@CONFERENCE{10,
  author =       {M. Amintoosi and M. Fathy and N. Mozayani},
  authorfa =     {م. امین‌طوسی and م. فتحی and م.مزینی},
  title =        {Regional Varying Image Super-Resolution},
  booktitle =    {IEEE International Joint Conference on Computational Sciences and Optimization},
  year =         {2009},
  month =        {April 23-26},
  address =      {Sanya, China},
  volume =       {1},
  pages =        {913-917}
}



 
@MASTERSTHESIS{11,
  AUTHOR =       {Vafa Khalighi},
 AUTHORFA = {خلیقی,وفا},
  TITLE =        {Category Theory},
  SCHOOL =       {Sydny Univ.},
  YEAR =         {2007},
  MONTH =        {April}
}



@PhdThesis{12,
  author =   {Sean Borman},
  authorfa = {بورمن,سین},
  title =    {Topics in Multiframe Superresolution Restoration},
  school =   {University of Notre Dame},
  year =     {2004},
  address =  {Notre Dame, IN},
  month =    may,
}




@PROCEEDINGS {13,
 editor    = {Farhad Shokoohi},
 authorfa = {فرهاد شکوهی},
 title     = {Proceedings of the Xth Conference on XYZ},
 booktitle = {Proceedings of the Xth Conference on XYZ},
 year      = {2006},
 month     = {October}
}
